
@misc{infraestructura_ODS,
	title = {Infraestructura},
        howpublished = {\url{https://www.un.org/sustainabledevelopment/es/infrastructure/}},
	abstract = {El Objetivo 9 pretende construir infraestructuras resilientes, promover la industrialización sostenible y fomentar la innovación.
El crecimiento económico, el desarrollo social y la acción por el clima dependen en gran medida de las inversiones en infraestructuras, el desarrollo industrial sostenible y el progreso tecnológico. Ante la rápida evolución del panorama económico mundial y},
	language = {es},
        year={2023},
	journal = {Desarrollo Sostenible},
	author = {Moran, Mirtha},
	file = {Snapshot:C\:\\Users\\34644\\Zotero\\storage\\78W9LPGT\\infrastructure.html:text/html},
}

@misc{desigualdades_ODS,
	title = {Reducir las desigualdades entre países y dentro de ellos},
howpublished = {\url{https://www.un.org/sustainabledevelopment/es/inequality/}},
	abstract = {La desigualdad amenaza el desarrollo social y económico a largo plazo, frena la reducción de la pobreza y destruye el sentido de realización y autoestima de las personas.
En la mayoría de los países, los ingresos del 40\% más pobre de la población aumentaron con mayor rapidez que la media nacional. Sin embargo,},
	language = {es},
	journal = {Desarrollo Sostenible},
	author = {Moran, Mirtha},
        year={2023},
	file = {Snapshot:C\:\\Users\\34644\\Zotero\\storage\\MPYXQFEQ\\inequality.html:text/html},
}

@misc{salud_ODS,
	title = {Salud},
        howpublished = {\url{https://www.un.org/sustainabledevelopment/es/health/}},
	abstract = {En los últimos años se han logrado grandes avances en la mejora de la salud de las personas. 146 de 200 países o regiones ya han cumplido o están en camino de alcanzar la meta de los ODS sobre mortalidad en menores de 5 años. El tratamiento eficaz contra el VIH ha},
	language = {es},
	journal = {Desarrollo Sostenible},
	author = {Moran, Mirtha},
        year={2023}
	file = {Snapshot:C\:\\Users\\34644\\Zotero\\storage\\MRK8S59V\\health.html:text/html},
}
@misc{Arduino,
	title = {Software},
    howpublished = {\url{https://www.arduino.cc/en/software/}},
	abstract = {Open-source electronic prototyping platform enabling users to create interactive electronic objects.},
	language = {en},
    author={Arduino},
 year={2025}
	file = {Snapshot:C\:\\Users\\34644\\Zotero\\storage\\MN8GJDCR\\software.html:text/html},
}

@misc{Python,
        author={{Python}},
	title = {Welcome to {Python}.org},
         howpublished = {\url{https://www.python.org/}},
	abstract = {The official home of the Python Programming Language},
	language = {en},
	journal = {Python.org},
	month = apr,
	year = {2025},
	file = {Snapshot:C\:\\Users\\34644\\Zotero\\storage\\LB8YYAZW\\www.python.org.html:text/html},
}
@misc{ODS,
	title = {Portada},
 howpublished = {\url{https://www.un.org/sustainabledevelopment/es/}},
	abstract = {17 objetivos para transformar nuestro mundo
En 2015, la ONU aprobó la Agenda 2030 sobre el Desarrollo Sostenible, una oportunidad para que los países y sus sociedades emprendieran un nuevo camino con el que mejorar la vida de todas las personas, sin dejar a nadie atrás. La Agenda cuenta con 17 Objetivos de},
	language = {es},
	journal = {Desarrollo Sostenible},
	author = {Gamez, Maria Jose},
         year={2023},
	file = {Snapshot:C\:\\Users\\34644\\Zotero\\storage\\5M5YNXXE\\es.html:text/html},
}

@misc{Agenda2030_gobierno,
	title = {Conoce la {Agenda} {\textbar} {Ministerio} de {Derechos} {Sociales}, {Consumo} y {Agenda} 2030},
     howpublished = {\url{https://www.dsca.gob.es/es/agenda-2030/conoce-la-agenda}},
    year={2025},
	file = {Conoce la Agenda | Ministerio de Derechos Sociales, Consumo y Agenda 2030:C\:\\Users\\34644\\Zotero\\storage\\L59EZIV5\\conoce-la-agenda.html:text/html},
    author={Gobierno de España},
}

@article{GOMEZ2022,
   title = {{Dispositivo de medición de fuerza de los dedos y su rol en el seguimiento de las funciones de la mano}},
   journal = {{Cirugía Plástica Ibero-Latinoamericana}},
   author={Gómez, Juliana AND Castilblanco, Paola AND Avilés, Óscar F AND Maudeloux, Mauricio AND Klinge, Johan AND Galán, Ricardo AND Del Villar-Trujillo, Andrea AND Camporro-Fernández, D},
   ISSN = {0376-7892},
   language = {es},
    howpublished = {\url{http://scielo.isciii.es/scielo.php?script=sci_arttext&pid=S0376-78922022000200013&nrm=iso}},
   volume = {48},
   year = {2022},
   month = {06},
   pages = {217 - 226},
   publisher = {scieloes},
   crossref = {10.4321/s0376-78922022000200013},
}

@misc{ErreBiLAB,
	title = {Servicio de impresión 3d online {\textbar} {Precio} y presupuesto inmediato {\textbar} {ErreBi} {Lab}},
    howpublished = {\url{https://errebilab.com/es/custom/2-125-impresion-3d.html}},
    author={ErreBiLAB},
	abstract = {Servicio de impresión 3d online {\textbar} Precio y presupuesto inmediato},
	language = {es-ES},
	journal = {ErreBiLab},
        year={2025},
	file = {Snapshot:C\:\\Users\\34644\\Zotero\\storage\\E86YRPJJ\\2-125-impresion-3d.html:text/html},
}
@misc{PLA,
	title = {Serie {Hyper} {Filamento} {PLA} de 1.75 mm, 1kg},
    howpublished = {\url{https://store.creality.com/es/products/serie-hyper-filamento-pla-de-1-75-mm-1kg}},
	abstract = {Impresión de alta velocidad de hasta 600 mm/s Alta precisión dimensional Resistencia más fuerte Alta fluidez y enfriamiento rápido Amplia compatibilidad},
    author={Creality},
	language = {es},
year={2025},
	file = {Snapshot:C\:\\Users\\34644\\Zotero\\storage\\PHHDJJM6\\serie-hyper-filamento-pla-de-1-75-mm-1kg.html:text/html},
}

@misc{Ender-3,
	title = {Ender-3 {V3} {SE} {Impresora} {3D}},
    howpublished = {\url{https://store.creality.com/es/products/ender-3-v3-se-impresora-3d}},
    author={Creality},
	abstract = {Logre una impresión rápida de 250 mm/s con la impresora 3D Creality Ender 3 V3 SE. Su autonivelación CR Touch y su rápido montaje facilitan la impresión...},
	language = {es},
        year={2025},
	file = {Snapshot:C\:\\Users\\34644\\Zotero\\storage\\3EWXY7UM\\ender-3-v3-se-impresora-3d.html:text/html},
}

@misc{SueldoBioing,
        author={indeed},
	title = {Sueldo de {Ingeniero} biomédico en {España}},
        howpublished = {\url{https://es.indeed.com/career/ingeniero-biom%C3%A9dico/salaries}},
	file = {Sueldo de Ingeniero biomédico en España:C\:\\Users\\34644\\Zotero\\storage\\NTCLDLA4\\salaries.html:text/html},
    year={2024}
}

@misc{SUELDO,
        author={indeed},
	title = {¿{Cuánto} gana un ingeniero biomédico en {España}?},
        howpublished = {\url{https://es.indeed.com/orientacion-laboral/remuneracion-salarios/cuanto-gana-un-ingeniero-biomedico-espana}},
	abstract = {Descubre cuánto gana un ingeniero biomédico en España. Explora salarios, formación, funciones y oportunidades en esta carrera que une tecnología y salud.},
	language = {es},
        year={2025}
	journal = {Guía profesional de Indeed},
}

@misc{Sueldo_egresado,
        author={UAX},
	title = {¿{Cuál} es el salario de un ingeniero biomédico en {España}? - {UAX}},
	shorttitle = {¿{Cuál} es el salario de un ingeniero biomédico en {España}?},
    howpublished = {\url{https://www.uax.com/blog/salud/cuanto-cobra-ingeniero-biomedico}},
	abstract = {Descubre cuánto gana un ingeniero biomédico y los factores que influyen en su salario. ¡Conoce cifras actualizadas y todo lo que necesitas saber!},
	language = {es},
        year={2025},
	file = {Snapshot:C\:\\Users\\34644\\Zotero\\storage\\EZBH7MX3\\cuanto-cobra-ingeniero-biomedico.html:text/html},
}
@misc{boe--2015-8328,
        author={BOE},
	title = {{BOE}-{A}-2015-8328 {Ley} 24/2015, de 24 de julio, de {Patentes}.},
        howpublished = {\url{https://www.boe.es/buscar/act.php?id=BOE-A-2015-8328}},
        year = {2015},
	file = {BOE-A-2015-8328 Ley 24/2015, de 24 de julio, de Patentes.:C\:\\Users\\34644\\Zotero\\storage\\MPW34BD4\\act.html:text/html},
}

@misc{boe--1996-8930,
        author={BOE},
	title = {{BOE}-{A}-1996-8930 {Real} {Decreto} {Legislativo} 1/1996, de 12 de abril, por el que se aprueba el texto refundido de la {Ley} de {Propiedad} {Intelectual}, regularizando, aclarando y armonizando las disposiciones legales vigentes sobre la materia.},
    howpublished = {\url{https://www.boe.es/buscar/act.php?id=BOE-A-1996-8930}},
        year = {1996},
	file = {BOE-A-1996-8930 Real Decreto Legislativo 1/1996, de 12 de abril, por el que se aprueba el texto refundido de la Ley de Propiedad Intelectual, regularizando, aclarando y armonizando las disposiciones legales vigentes sobre la materia.:C\:\\Users\\34644\\Zotero\\storage\\UG83YRV6\\act.html:text/html},
}
@misc{ministerio_de_sanidad_real_2023,
	chapter = {1},
	title = {Real {Decreto} 192/2023, de 21 de marzo, por el que se regulan los productos sanitarios},
        howpublished = {\url{https://www.boe.es/eli/es/rd/2023/03/21/192}},
	author = {{Ministerio de Sanidad}},
	month = mar,
	year = {2023},
	pages = {42678--42706},
	file = {Snapshot:C\:\\Users\\34644\\Zotero\\storage\\3EGTBRCY\\doc.html:text/html},
}

@misc{UNE2008,
        year={2008},
        author={UNE},
	title = {{UNE}-{EN} 60601-1:2008 {Equipos} electromédicos. {Parte} 1: {Requisito}...},
        howpublished = {\url{https://www.une.org/encuentra-tu-norma/busca-tu-norma/norma?c=N0041083}},
	file = {UNE-EN 60601-1\:2008 Equipos electromédicos. Parte 1\: Requisito...:C\:\\Users\\34644\\Zotero\\storage\\52CLMRU6\\norma.html:text/html},
}

@misc{UNE2020 ,
        year={2020},
        author={UNE},
	title = {{UNE}-{EN} {ISO} 14971:2020 {Dispositivos} médicos/productos sanitario...},
        howpublished = {\url{https://www.une.org/encuentra-tu-norma/busca-tu-norma/norma?c=N0064637}},
	file = {UNE-EN ISO 14971\:2020 Dispositivos médicos/productos sanitario...:C\:\\Users\\34644\\Zotero\\storage\\GE2BIHG5\\norma.html:text/html},
}

@misc{boe--2018-16673,
        year={2018},
        author={BOE},
	title = {{BOE}-{A}-2018-16673 {Ley} {Orgánica} 3/2018, de 5 de diciembre, de {Protección} de {Datos} {Personales} y garantía de los derechos digitales.},
	howpublished = {\url{https://www.boe.es/buscar/act.php?id=BOE-A-2018-16673}},
	file = {BOE-A-2018-16673 Ley Orgánica 3/2018, de 5 de diciembre, de Protección de Datos Personales y garantía de los derechos digitales.:C\:\\Users\\34644\\Zotero\\storage\\4TZWCFJA\\act.html:text/html},
}

@misc{boe--2006-13554,
        year={2006},
        author={BOE},
	title = {{BOE}-{A}-2006-13554 {Ley} 29/2006, de 26 de julio, de garantías y uso racional de los medicamentos y productos sanitarios.},
        howpublished = {\url{https://www.boe.es/buscar/act.php?id=BOE-A-2006-13554}},
	file = {BOE-A-2006-13554 Ley 29/2006, de 26 de julio, de garantías y uso racional de los medicamentos y productos sanitarios.:C\:\\Users\\34644\\Zotero\\storage\\EX2LS72U\\act.html:text/html},
}

@misc{boe--1991-628,
        year={1991},
        author={BOE},
	title = {{BOE}-{A}-1991-628 {Ley} 3/1991, de 10 de enero, de {Competencia} {Desleal}.},
        howpublished = {\url{https://www.boe.es/buscar/act.php?id=BOE-A-1991-628}},
	file = {BOE-A-1991-628 Ley 3/1991, de 10 de enero, de Competencia Desleal.:C\:\\Users\\34644\\Zotero\\storage\\DUJGQH66\\act.html:text/html},
}
@misc{boees,
        year={2016},
        author={BOE},
	title = {{BOE}.es - {DOUE}-{L}-2016-80807 {Reglamento} ({UE}) 2016/679 del {Parlamento} {Europeo} y del {Consejo}, de 27 de abril de 2016, relativo a la protección de las personas físicas en lo que respecta al tratamiento de datos personales y a la libre circulación de estos datos y por el que se deroga la {Directiva} 95/46/{CE} ({Reglamento} general de protección de datos).},
        howpublished = {\url{https://www.boe.es/buscar/doc.php?id=DOUE-L-2016-80807}},
	file = {BOE.es - DOUE-L-2016-80807 Reglamento (UE) 2016/679 del Parlamento Europeo y del Consejo, de 27 de abril de 2016, relativo a la protección de las personas físicas en lo que respecta al tratamiento de datos personales y a la libre circulación de estos datos y por el que se deroga la Directiva 95/46/CE (Reglamento general de protección de datos).:C\:\\Users\\34644\\Zotero\\storage\\8LEKEWWL\\doc.html:text/html},
}
