@article{gomez_campos_mecanismos_2010,
	title = {Mecanismos implicados en la fatiga aguda},
	volume = {10},
	issn = {1577-0354},
 howpublished = {\url{https://dialnet.unirioja.es/servlet/articulo?codigo=3634772}},
	abstract = {The muscular overtiredness can be defined as the incapacity to raise a level of the muscular strength or a determined intensity of exercise in a situation where athletes experiment efforts. According to the multifactor design of the overtiredness, the mechanisms involved in such a weakened state still remain unclear. With regard to a functional standpoint, this research is dedicated to consider both the central tiredness (nervous system) and the peripheral tiredness (neuromuscular system). The purpose of this study was to review the literature dedicated to the mechanisms involved in the explanation of the overtiredness with regard to various variables needed to be considered.
La fatiga muscular aguda, puede ser definida como la incapacidad para seguir generando un nivel de fuerza o una intensidad de ejercicio determinada, siendo una situación que se vive, se siente y que atletas o no experimentan; pero debido a su carácter multifactorial, aún los mecanismos de su formación permanecen imprecisos. Se considera la existencia de factores que afectan a nivel muscular, generando la fatiga neuromuscular, y factores que afectan al cerebro, generando la fatiga central. Por lo que el objetivo del presente estudio fue una revisión de literatura, sobre los mecanismos implicados en fatiga aguda, con el propósito de mostrar las diversas vías relacionadas con el proceso de fatiga y dirigir los caminos para su identificación.},
	language = {spa},
	number = {40},
	journal = {Revista Internacional de Medicina y Ciencias de la Actividad Física y del Deporte},
	author = {Gómez Campos, Rossana and Cossio Bolaños, Marco Antonio and Brousett Minaya, M. and Hochmuller Fogaca, R. T.},
	year = {2010},
	note = {Publisher: Comunidad virtual Ciencias del Deporte
Section: Revista Internacional de Medicina y Ciencias de la Actividad Física y del Deporte},
	pages = {3--18},
	file = {Snapshot:C\:\\Users\\34644\\Zotero\\storage\\5AKSUXUW\\articulo.html:text/html},
}
@misc{KivyMD,
	title = {Components — {KivyMD} 2.0.1.dev0 documentation},
howpublished = {\url{https://kivymd.readthedocs.io/en/latest/components/}},
	year = {2024},
        author={Peter Šurda},
	file = {Components — KivyMD 2.0.1.dev0 documentation:C\:\\Users\\34644\\Zotero\\storage\\DSU53J7Z\\components.html:text/html},
}
@misc{sindrome_tunel,
	title = {Síndrome del túnel carpiano: {MedlinePlus} enciclopedia médica},
	shorttitle = {Síndrome del túnel carpiano},
        howpublished = {\url{https://medlineplus.gov/spanish/ency/article/000433.htm}},
	abstract = {Es una afección en la cual existe una presión excesiva en el nervio mediano en la muñeca. Este es el nervio que permite la sensibilidad y el movimiento a partes de la mano. El síndrome del túnel carpiano},
	language = {es},
	file = {Snapshot:C\:\\Users\\34644\\Zotero\\storage\\HC6EAQ2V\\000433.html:text/html},
    year = {2023},
    author={Medlineplus},
}

@misc{sindrome_regional_comple,
	type = {Text},
	title = {Síndrome de dolor regional complejo},
	 howpublished = {\url{https://medlineplus.gov/spanish/complexregionalpainsyndrome.html}},
	abstract = {El síndrome de dolor regional complejo es una condición que causa dolor intenso. No tiene cura pero el tratamiento puede ayudar con los síntomas.},
	language = {spa},
	note = {Publisher: National Library of Medicine},
	file = {Snapshot:C\:\\Users\\34644\\Zotero\\storage\\SBM84CTQ\\complexregionalpainsyndrome.html:text/html},
        year = {2025},
    author={Medlineplus},
}


@misc{tendinitis,
	title = {Tendinitis ({Bursitis}) {Español}},
        howpublished = {\url{https://rheumatology.org/patients/tendinitis-bursitis-espanol}},
	file = {Tendinitis (Bursitis) Español:C\:\\Users\\34644\\Zotero\\storage\\3SCJ6QVD\\tendinitis-bursitis-espanol.html:text/html},
    year = {2023},
    author={Cheryl Crow},
}

@misc{tendinitis-1,
	title = {Tendinitis: {MedlinePlus} enciclopedia médica},
	shorttitle = {Tendinitis},
    howpublished = {\url{https://medlineplus.gov/spanish/ency/article/001229.htm}},
	abstract = {Los tendones son las estructuras fibrosas que unen a los músculos con los huesos. Cuando estos tendones se hinchan o inflaman, se le denomina tendinitis. En muchos casos, también se presenta tendinosis},
	language = {es},
        year = {2024},
	file = {Snapshot:C\:\\Users\\34644\\Zotero\\storage\\I93S7HR4\\001229.html:text/html},
author={DrTango},
}

@misc{artritis_pulgar,
	title = {Artritis del pulgar - {Síntomas} y causas - {Mayo} {Clinic}},
    howpublished = {\url{https://www.mayoclinic.org/es/diseases-conditions/thumb-arthritis/symptoms-causes/syc-20378339}},
	file = {Artritis del pulgar - Síntomas y causas - Mayo Clinic:C\:\\Users\\34644\\Zotero\\storage\\CUZ9QW83\\syc-20378339.html:text/html},
    year = {2022},
author={Mayo Clinic},
}


@misc{contractura_Dupuytren,
	title = {Contractura de {Dupuytren}: {MedlinePlus} enciclopedia médica},
	shorttitle = {Contractura de {Dupuytren}},
        howpublished = {\url{https://medlineplus.gov/spanish/ency/article/001233.htm}},
	abstract = {Es un engrosamiento y estrechamiento (contractura) indoloros de tejidos bajo la piel de la palma y los dedos de la mano.},
	language = {es},
        author={DrTango},
    year = {2023},
}

@misc{contractura_Dupuytren-1,
	title = {Contractura de {Dupuytren} - {Síntomas} y causas - {Mayo} {Clinic}},
        howpublished = {\url{https://www.mayoclinic.org/es/diseases-conditions/dupuytrens-contracture/symptoms-causes/syc-20371943}},
    author={Mayo Clinic},
    year = {2024},
}

@misc{enfermedades_Reumáticas,
	title = {Las {Enfermedades} {Reumáticas}},
        howpublished = {\url{https://red-rier.org/las-enfermedades-reumaticas/}},
	language = {es},
    author={RIER},
	journal = {Red Rier},
	file = {Snapshot:C\:\\Users\\34644\\Zotero\\storage\\PN22DQIU\\las-enfermedades-reumaticas.html:text/html},
    year = {2025},
}

@misc{artritis,
	type = {Text},
	title = {Artritis reumatoide},
        howpublished = {\url{https://medlineplus.gov/spanish/rheumatoidarthritis.html}},
	abstract = {La artritis reumatoide es una forma de artritis que provoca dolor, hinchazón y rigidez en las articulaciones. El riesgo aumenta a medida que la persona envejece.},
	language = {spa},
	note = {Publisher: National Library of Medicine},
        year = {2025},
	file = {Snapshot:C\:\\Users\\34644\\Zotero\\storage\\EGYYR4DY\\rheumatoidarthritis.html:text/html},
    author={Medlineplus},
}

@misc{nodulos,
	title = {Nódulos de {Heberden} y de {Bouchard} {\textbar} {Cigna}},
        howpublished = {\url{https://www.cigna.com/es-us/knowledge-center/hw/ndulos-de-heberden-y-de-bouchard-zm2488}},
        author={Ignite Healthwise},
	abstract = {Los bultos óseos en la articulación del dedo más cercana a la uña se llaman nódulos de Heberden. Los bultos óseos en la articulación media del dedo se conocen como nódulos de Bouchard. Los bultos óseos también son comunes en la base del pulgar. Estos bultos no tienen un sobrenombre, pero la articulación se llama...},
	language = {es},
    year = {2024},
	file = {Snapshot:C\:\\Users\\34644\\Zotero\\storage\\D5NF79LV\\ndulos-de-heberden-y-de-bouchard-zm2488.html:text/html},
}

@misc{osteoartritis,
	type = {Text},
	title = {Osteoartritis},
 howpublished = {\url{https://medlineplus.gov/spanish/osteoarthritis.html}},
	abstract = {La osteoartritis o artrosis es la forma más común de artritis. Causa dolor, inflamación y disminución de los movimientos en las articulaciones. Síntomas.},
	language = {spa},
	note = {Publisher: National Library of Medicine},
	file = {Snapshot:C\:\\Users\\34644\\Zotero\\storage\\R9NSCIAR\\osteoarthritis.html:text/html},
    year = {2024},
    author={Medlineplus},
}

@misc{camde_por_2021,
	title = {Por qué se produce la fatiga muscular - {Camde} - {Málaga}},
 howpublished = {\url{https://camde.es/por-que-se-produce-la-fatiga-muscular/}},
	abstract = {Una de las consecuencias de hacer una actividad física intensa es la fatiga muscular. Descubre por qué se produce y cómo podemos aliviarla},
	language = {es},
	journal = {Camde},
	author = {Camde},
	month = aug,
	year = {2021},
}

@misc{ruh_encriptar_2023,
	title = {{ENCRIPTAR} {Y} {DESENCRIPTAR} {DATOS} {EN} {PYTHON}, {CON} «cryptography».},
     howpublished = {\url{https://medium.com/@FridaRuh/encriptar-y-desencriptar-datos-en-pyhon-con-cryptography-5b186c669801}},
	abstract = {Hoy vamos a hablar en relación al cifrado y encriptado de información. Concretamente, hablaremos de «cryptography«, una librería que nos…},
	language = {en},
	journal = {Medium},
	author = {Ruh, Frida},
	month = aug,
	year = {2023},
	file = {Snapshot:C\:\\Users\\34644\\Zotero\\storage\\HGLC8N2V\\encriptar-y-desencriptar-datos-en-pyhon-con-cryptography-5b186c669801.html:text/html},
}

@misc{fracturas,
	type = {Text},
	title = {Fracturas},
        howpublished = {\url{https://medlineplus.gov/spanish/fractures.html}},
	abstract = {Las fracturas en general ocurren debido a accidentes, caídas, lesiones deportivas, osteoporosis y otras causas. Siga informándose aquí.},
	language = {spa},
	note = {Publisher: National Library of Medicine},
	file = {Snapshot:C\:\\Users\\34644\\Zotero\\storage\\9TH8DCUC\\fractures.html:text/html},
    year = {2024},
    author={Medlineplus},
}

@misc{enfermedades_neurológicas,
	type = {Text},
	title = {Enfermedades neurológicas},
 howpublished = {\url{https://medlineplus.gov/spanish/neurologicdiseases.html}},
	abstract = {El sistema nervioso controla las funciones del cuerpo. Infórmese qué sucede cuando algunas de las partes del sistema nervioso no funcionan.},
	language = {spa},
	note = {Publisher: National Library of Medicine},
	file = {Snapshot:C\:\\Users\\34644\\Zotero\\storage\\A2IS9ZBT\\neurologicdiseases.html:text/html},
    year = {2021},
    author={Medlineplus},
}

@article{arroyo-berezowsky_epidemiology_2021,
	title = {Epidemiology of hand and wrist injuries treated in a reference specialty center over a year},
	volume = {35},
	issn = {2306-4102},
        howpublished = {\url{http://www.scielo.org.mx/scielo.php?script=sci_abstract&pid=S2306-41022021000500429&lng=es&nrm=iso&tlng=en}},
	doi = {10.35366/104570},
	language = {en},
	number = {5},
	journal = {Acta ortopédica mexicana},
	author = {Arroyo-Berezowsky, C. and Quinzaños-Fresnedo, J. and Arroyo-Berezowsky, C. and Quinzaños-Fresnedo, J.},
	month = oct,
	year = {2021},
	note = {Publisher: Colegio Mexicano de Ortopedia y Traumatología A.C.},
	pages = {429--435},
	file = {Full Text PDF:C\:\\Users\\34644\\Zotero\\storage\\7SY35BBW\\Arroyo-Berezowsky et al. - 2021 - Epidemiology of hand and wrist injuries treated in a reference specialty center over a year.pdf:application/pdf},
}

@misc{mano_anatomía,
	title = {Mano y muñeca (anatomía)},
        howpublished = {\url{https://www.kenhub.com/es/library/anatomia-es/mano-y-muneca}},
	abstract = {Aprende todo sobre la anatomía de la mano y la muñeca con este artículo. ¡Haz clic ahora para estudiar los huesos, músculos, arterias y nervios de la mano!},
        author={Dra. Jana Vasković},
	language = {es},
	journal = {Kenhub},
        year = {2023},
	file = {Snapshot:C\:\\Users\\34644\\Zotero\\storage\\W434ADJ7\\mano-y-muneca.html:text/html},
}

@misc{fisioterapia_musculos_2018,
	title = {Músculos intrínsecos de la mano},
    howpublished = {\url{https://www.mirandafisioterapia.com/post/musculos-intrinsecos-de-la-mano}},
	abstract = {Los músculos intrínsecos de la mano mueven los dedos, complementando a los músculos flexores y extensores largos del antebrazo que también mueven los dedos. Dos grupos de músculos se encuentran más superficiales:  • Eminencia tenar: un cono de tres músculos tenares en la base del pulgar   • Eminencia hipotenar: un cono de tres músculos hipotenares en la base del dedo meñique  los músculo intrínsecos más profundos incluyen:  • Aductor del pulgar: profundo en la palma, aduce el pulgar   • lumbric},
	language = {es},
	journal = {mirandafisioterapia},
	author = {Fisioterapia, Miranda},
	month = sep,
	year = {2018},
	file = {Snapshot:C\:\\Users\\34644\\Zotero\\storage\\GBG443SZ\\musculos-intrinsecos-de-la-mano.html:text/html},
}

@misc{huesos_mano,
	title = {Huesos y articulaciones del carpo y la mano {\textbar} {Acland}. {Video} {Atlas} {De} {Anatomia} {Humana}},
    author={Dr.Robert D.Acland.},
    howpublished = {\url{https://es.aclandanatomy.com/MultimediaPlayer.aspx?multimediaId=11053871}},
    year = {2025},
	file = {Huesos y articulaciones del carpo y la mano | Acland. Video Atlas De Anatomia Humana:C\:\\Users\\34644\\Zotero\\storage\\VG5NCT5F\\MultimediaPlayer.html:text/html},
}

@misc{Relación_lineal,
	title = {Relaciones lineales, no lineales y monótonas},
    howpublished = {\url{https://support.minitab.com/es-mx/minitab/help-and-how-to/statistics/basic-statistics/supporting-topics/basics/linear-nonlinear-and-monotonic-relationships/}},
    year = {2025},
    author={minitab},
}
@article{ralon_gordillo_diseno_2019,
	title = {Diseño de dinamómetro con enfoque al monitoreo de fuerza de agarre de mano, en la},
	howpublished = {\url{https://repositorio.uvg.edu.gt/xmlui/handle/123456789/3400}},
	abstract = {El objetivo principal de este trabajo es desarrollar un dispositivo para el monitoreo de la recuperación de la fuerza motriz de niños con quemaduras de tercer grado en la mano. Esto se hizo investigando: los métodos existen actualmente en la “Clínica Niño Sano” y la fuerza de agarre normal que tiene un niño en su mano sin ningún tipo de quemadura. Según los requerimientos necesarios investigados para el funcionamiento del dispositivo se realizó un diseño mecánico capaz de realizar la fuerza contraria a la que ejerce el paciente. Igualmente se creó una parte electrónica que incluye un sensor de fuerza FSR 400 y un microcontrolador PIC 16F88 para la recolección de datos y la comunicación con la computadora. La comunicación con la computadora ayudó a la interpretación de los datos obtenidos por medio de una interfaz gráfica. El diseño del dispositivo cumple con los requerimientos establecidos ya que es capaz de ejercitar al paciente, medir la fuerza de agarre que genera en cada movimiento y es intercambiable entre férulas.},
	language = {es},
	author = {Ralon Gordillo, Luis Carlos},
	year = {2019},
	note = {Accepted: 2020-08-07T17:00:08Z
Publisher: Universidad del Valle de Guatemala},
	file = {Full Text PDF:C\:\\Users\\34644\\Zotero\\storage\\25NL8M3H\\Ralon Gordillo - 2019 - Diseño de dinamómetro con enfoque al monitoreo de fuerza de agarre de mano, en la.pdf:application/pdf},
}

@misc{T.O,
	title = {¿{Qué} es la terapia ocupacional?},
        author = {COPTOCAM},
	howpublished = {\url{https://coptocam.org/la-terapia-ocupacional/}},
	language = {es},
	journal = {COPTOCAM},
year = {2025},
}

@misc{inclinometro,
	title = {Inclinómetro},
        howpublished = {\url{https://industriasgsl.com/blogs/automatizacion/inclinometro}},
	abstract = {Uno de los aparatos más importantes en la topografía es el inclonómetro el cual es utilizado en la medición de planos. A continuación estaremos detallando todo lo que necesitas saber sobre este dispositivo. Estos aparatos son versátiles en cuanto a su uso, pues pueden ser aplicados en trabajos de la construcción hasta},
	language = {es-MX},
	journal = {Industrias GSL},
	author = {Reptil.mx},
	month = jan,
	year = {2022},
	file = {Snapshot:C\:\\Users\\34644\\Zotero\\storage\\Q67XKV45\\inclinometro.html:text/html},
}

@misc{activforce,
        author={{ActivForce2}},
	title = {{Pgina ActivForce2}},
        howpublished = {\url{https://activforce.com/products/activforce-2}},
	abstract = {The integrated ActivForce system combines a physical device with a digital dashboard to measure key strength data and quantify real-time results in professional practice. The high-precision handheld device provides accurate force data, and additional attachments (included) can be used for extensive muscle movement and},
	language = {en},
	journal = {ActivForce},
	file = {Snapshot:C\:\\Users\\34644\\Zotero\\storage\\ZLJXQLYX\\activforce-2.html:text/html},
    year = {2025},
}

@misc{Python,
        author={{Python}},
	title = {Welcome to {Python}.org},
         howpublished = {\url{https://www.python.org/}},
	abstract = {The official home of the Python Programming Language},
	language = {en},
	journal = {Python.org},
	month = apr,
	year = {2025},
	file = {Snapshot:C\:\\Users\\34644\\Zotero\\storage\\LB8YYAZW\\www.python.org.html:text/html},
}

@misc{microfet,
        author={{Hoggam}},
	title = {{MicroFET} 2 inalámbrico},
        howpublished = {\url{https://www.fysiosupplies.es/microfet-2-inalambrico}},
	abstract = {MicroFET 2 inalámbricoEl MicroFET (Fet significa Force Evaluating \& Testing, evaluación y prueba de fuerza) es un dinamómetro de mano electrónico que se adapta perfectamente a la palma de la mano. Es el más rentable y ergonómico disponible en el mercado. El MicroFET 2 inalámbrico es la base de la línea de productos MicroFET y mide válidamente la fuerza muscular en todos los niveles. Se diseñó como medidor independiente que captura mediciones de fuerza individuales para cualquier prueba muscular.},
	language = {es},
        year = {2025},
	file = {Snapshot:C\:\\Users\\34644\\Zotero\\storage\\3TDZVHNW\\microfet-2-inalambrico.html:text/html},
}

@misc{Map80k1s,
        author={{Kern}},
	title = {Dinamómetros a mano {MAP} {80K1S} {\textbar} {Kern} \& {Sohn}},
         howpublished = {\url{https://www.kern-sohn.com/shop/es/productos/balanzas-medicas/dinamometros-a-mano/MAP-80K1S/}},
        year = {2025},
	file = {Dinamómetros a mano MAP 80K1S | Kern & Sohn:C\:\\Users\\34644\\Zotero\\storage\\X8ISEEIK\\MAP-80K1S.html:text/html},
}

@misc{SqueezeDinamometro,
        author={{SAEHAN}},
	title = {{SQUEEZE} {DYNAMOMETER}},
        howpublished = {\url{https://rehabmedic.com/shop/saehan-squeeze-dynamometer-6591}},
	language = {es-ES},
	journal = {REHAB DIRECT SL},
        year = {2025},
	file = {Snapshot:C\:\\Users\\34644\\Zotero\\storage\\6PGW85DT\\saehan-squeeze-dynamometer-6591.html:text/html},
}

@misc{GitHub,
        author={{Chris Wanstrath}},
	title = {Acerca de {GitHub} y {Git} - {Documentación} de {GitHub}},
         howpublished = {\url{https://docs.github.com/es/get-started/start-your-journey/about-github-and-git}},
	abstract = {Puedes utilizar GitHub y Git para colaborar en el trabajo.},
	language = {es},
	journal = {GitHub Docs},
        year = {2025},
	file = {Snapshot:C\:\\Users\\34644\\Zotero\\storage\\B4R3T75Z\\about-github-and-git.html:text/html},
}

@article{Articulo_din,
	title = {Uso del dinamómetro para mejorar la fuerza de la mano del adulto mayor: {Revisión} bibliográfica},
	volume = {5},
	issn = {2806-5794},
	shorttitle = {Uso del dinamómetro para mejorar la fuerza de la mano del adulto mayor},
         howpublished ={\url{https://editorialalema.org/index.php/pentaciencias/article/view/862}},
	doi = {10.59169/pentaciencias.v5i6.862},
	abstract = {En el adulto mayor existen diferentes tipos de enfermedades degenerativas que ponen en riesgo la salud física de los mismos, es por esa razón que se han creado diversas formas de tratamientos y terapias de intervención que ayudan a mejorar la calidad de vida de las personas, con instrumentos de fácil manejo en la población. Esta revisión tiene como objetivo determinar los efectos del uso del dinamómetro como herramienta para mejorar la fuerza de la mano en el adulto mayor. El artículo se desarrolla con un diseño documental basado en el modelo PRISMA, donde se han revisado artículos en inglés y español de los años del 2013- 2022, las bases científicas utilizadas fueron Embase, Redalyc, LILACS, SciELO, Springer, Elsevier, EBSCO, Nature Geriatric, Science Proyect y Google Académico. Luego de la revisión se concluyó que el uso del dinamómetro es de fácil acceso para los adultos mayores y que mejora la fuerza de agarre en la mano, mejorando su calidad de vida.\&nbsp;},
	language = {es},
	number = {6},
	journal = {Revista Científica Arbitrada Multidisciplinaria PENTACIENCIAS},
	author = {Ortega, Mayra Lasteña Millingalli and Zamora, María Narciza Cedeño and Córdova, Grace Verónica Moscoso and Vega, Mónica del Rocío Caiza},
	month = oct,
	year = {2023},
	keywords = {adulto mayor, destreza motora, dinamómetro, funcionalidad, mano},
	pages = {369--383},
	file = {Full Text PDF:C\:\\Users\\34644\\Zotero\\storage\\AVJSQMDV\\Ortega et al. - 2023 - Uso del dinamómetro para mejorar la fuerza de la mano del adulto mayor Revisión bibliográfica.pdf:application/pdf},
}

@misc{C++,
        author={{UVa}},
	title = {El lenguaje {C}++ — {Fundamentos} de {Programación} en {C}++},
         howpublished = {\url{https://www2.eii.uva.es/fund_inf/cpp/temas/1_introduccion/introduccion.html}},
	file = {El lenguaje C++ — Fundamentos de Programación en C++:C\:\\Users\\34644\\Zotero\\storage\\NGCHQ4QE\\introduccion.html:text/html},
    year = {2020},
}

@misc{Rstudio,
        author={{Posit}},
	title = {Rstudio},
        howpublished = {\url{https://posit.co/downloads/}},
	language = {en},
	journal = {Posit},
        year = {2025},
}

@misc{Celula_Carga,
        author={{Omega}},
	title = {¿{Qué} es una célula de carga y cómo funciona? {Tipos} de celda},
         howpublished = {\url{https://es.omega.com/prodinfo/celulas-de-carga.html}},
	file = {¿Qué es una célula de carga y cómo funciona? Tipos de celda:C\:\\Users\\34644\\Zotero\\storage\\ZN7IAM67\\celulas-de-carga.html:text/html},
    year = {2023},
}

@misc{Dinamometro,
        author={{Enciclopedia}},
	title = {Qué es un {Dinamómetro}: funciones, partes y tipos},
	shorttitle = {Qué es un {Dinamómetro}},
        howpublished = {\url{https://www.significados.com/dinamometro/}},
	abstract = {Un dinamómetro es un artefacto destinado a la medición de la fuerza y el peso de los objetos a partir de la elasticidad de un resorte o muelle elástico. La...},
	language = {es},
	journal = {Enciclopedia Significados},
	file = {Snapshot:C\:\\Users\\34644\\Zotero\\storage\\L79EFNNI\\dinamometro.html:text/html},
    year = {2019},
}

@misc{Celulas_piezoelectricas,
        author={{Kistler Group}},
	title = {Células de carga piezoeléctricas {\textbar} {Kistler}},
         howpublished = {\url{https://www.kistler.com/ES/es/cp/celulas-de-carga-piezoelectricas-93x1c/P0000696}},
	file = {Células de carga piezoeléctricas | Kistler:C\:\\Users\\34644\\Zotero\\storage\\PZYPMIGW\\P0000696.html:text/html},
year = {2025},
}

@misc{Resistencia,
	title = {¿{Qué} es la resistencia?},
        howpublished = {\url{https://www.fluke.com/es-es/informacion/blog/electrica/que-es-la-resistencia}},
	abstract = {Resistance is a measure of the opposition to current flow in an electrical circuit.},
	language = {es-es},
    year = {2025},
    author={fluke},
}
@book{cantero_tellez_terapia_2020,
	address = {Sevilla},
	title = {Terapia de mano basada en el razonamiento y la práctica clínica},
	isbn = {978-84-7993-361-6},
	language = {es},
	publisher = {Universidad Internacional de Andalucía},
	author = {Cantero Tellez, Raquel},
	year = {2020},
	note = {OCLC: 1257785568},
	file = {PDF:C\:\\Users\\34644\\Zotero\\storage\\SQMHDILA\\Cantero Tellez - 2020 - Terapia de mano basada en el razonamiento y la práctica clínica.pdf:application/pdf},
}
@misc{kivymdapp,
	title = {Crear un paquete para {Windows} — documentación de {Kivy} 2.3.1},
    howpublished = {\url{https://kivy.org/doc/stable/guide/packaging-windows.html}},
	file = {Crear un paquete para Windows — documentación de Kivy 2.3.1:C\:\\Users\\34644\\Zotero\\storage\\N89GQEEC\\packaging-windows.html:text/html},
    author={Kivy},
    year = {2025},
}
@misc{Arduino,
	title = {Arduino {UNO} {R3}},
        howpublished = {\url{https://paraarduino.com/placas/arduino-uno-r3}},
	abstract = {Aprende todo sobre la placa Arduino UNO R3. Especificaciones, pines, programación, shields y accede a tutoriales completos.},
	language = {es},
	journal = {Para Arduino},
	file = {Snapshot:C\:\\Users\\34644\\Zotero\\storage\\EMWGQY6M\\arduino-uno-r3.html:text/html},
year = {2023},
author={Arduino},
}

@misc{Elegoo,
	title = {{UNO} {R3} {Tablero} con cable {USB}},
         howpublished = {\url{https://eu.elegoo.com/es-es/products/elegoo-uno-r3-board}},
        author={Elegoo},
	abstract = {Nueva mejora: impresiones transparentes en el conector de encabezado femenino, más preciso y más fácil de usar el cable. El ELEGOO UNO R3 Board ahora usa un ATMEGA16U2 en lugar del chip Atmega8u2. Tasas de transferencia más rápidas y más memoria. Control utilizando el chip Atmel ATMEGA328P (lo mismo con Arduino UNO R3) 100\% compatible con Arduino IDE y ROHS Siempre nos ha importado la experiencia del cliente y mejorar los detalles de la función del producto.},
	language = {es},
	journal = {ELEGOO EU},
	file = {Snapshot:C\:\\Users\\34644\\Zotero\\storage\\4RWLJ4JX\\elegoo-uno-r3-board.html:text/html},
year = {2025},
}

@misc{Bash,
        author={{Upm}},
	title = {Programación en {Bash} – {Programación} para la bioinformática},
     howpublished = {\url{https://blogs.upm.es/estudiaciencia/programacion-en-bash/}},
	file = {Programación en Bash – Programación para la bioinformática:C\:\\Users\\34644\\Zotero\\storage\\VYTZPEUL\\programacion-en-bash.html:text/html},
year = {2025},
}
@misc{Celulas_hidraulicas,
        author={Dwyeromega},
	title = {What are {Load} {Cells} and {How} {Do} {They} {Work}?},
    howpublished = {\url{https://www.dwyeromega.com/en-us/resources/load-cells}},
	abstract = {Preventive maintenance is not only important but essential for the effective operation, reliability, safety, and longevity of wind energy systems .},
	language = {es},
	journal = {https://www.dwyeromega.com/en-us/},
	file = {Snapshot:C\:\\Users\\34644\\Zotero\\storage\\PR8NQDGQ\\load-cells.html:text/html},
year = {2025},
}
@misc{celulas_extensométricas,
    howpublished = {\url{https://www.guemisa.com/peso/docus/celulas%20de%20carga.pdf}},
    author ={guemisa} ,
    title ={{CELULAS DE CARGA}} ,
year = {2025},
 
}
@article{GOMEZ2022,
   title = {{Dispositivo de medición de fuerza de los dedos y su rol en el seguimiento de las funciones de la mano}},
   journal = {{Cirugía Plástica Ibero-Latinoamericana}},
   author={Gómez, Juliana AND Castilblanco, Paola AND Avilés, Óscar F AND Maudeloux, Mauricio AND Klinge, Johan AND Galán, Ricardo AND Del Villar-Trujillo, Andrea AND Camporro-Fernández, D},
   ISSN = {0376-7892},
   language = {es},
    howpublished = {\url{http://scielo.isciii.es/scielo.php?script=sci_arttext&pid=S0376-78922022000200013&nrm=iso}},
   volume = {48},
   year = {2022},
   month = {06},
   pages = {217 - 226},
   publisher = {scieloes},
   crossref = {10.4321/s0376-78922022000200013},
   }

@misc{freecad,
        author={Jürgen Riegel},
	title = {{FreeCAD}: {Tu} modelador paramétrico {3D}},
	shorttitle = {{FreeCAD}},
        howpublished = {\url{https://www.freecad.org/index.php?lang=es_ES}},
	abstract = {FreeCAD, the open source 3D parametric modeler},
	language = {es\_ES},
	file = {Snapshot:C\:\\Users\\34644\\Zotero\\storage\\5IXPFRZI\\index.html:text/html},
    year = {2025},
}
@misc{kivy,
	title = {Kivy: {Cross}-platform {Python} {Framework} for {NUI}},
	shorttitle = {Kivy},
        howpublished = {\url{https://www.kivy.org/}},
	abstract = {Open source Python framework for rapid development of applications
        that make use of innovative user interfaces, such as multi-touch apps.},
	language = {en},
	file = {Snapshot:C\:\\Users\\34644\\Zotero\\storage\\8LK72Z3L\\kivy.org.html:text/html},
    year = {2025},
    author={Kivy},
}